@misc{implicit-fairing,
  author = "Mathieu Desbrun, Mark Meyer Peter, Schr oder, Alan H.Barr",
  title = "Implicit fairing of irregular meshes using diffusion and curvature flow",
  year = "1999",
  journal = "Conference on Computer Graphics and Interactive Techniques",
  howpublished = "ACM Press/Addison-Wesley Publishing",
}
